<record><leader>00000cas a2200000 i 4500</leader><controlfield tag="001">904344228</controlfield><controlfield tag="006">m     o  d        </controlfield><controlfield tag="007">cr |||||||||||</controlfield><controlfield tag="008">150304d1859186ulauuu neo     0   a0eng  </controlfield><datafield ind1=" " ind2=" " tag="010"><subfield code="a">  2015218568</subfield></datafield><datafield ind1=" " ind2=" " tag="040"><subfield code="a">DLC</subfield><subfield code="b">eng</subfield><subfield code="e">rda</subfield><subfield code="c">DLC</subfield><subfield code="d">DLC</subfield></datafield><datafield ind1="0" ind2=" " tag="022"><subfield code="a">2377-8466</subfield><subfield code="2">1</subfield></datafield><datafield ind1="1" ind2=" " tag="029"><subfield code="a">NZ1</subfield><subfield code="b">16034388</subfield></datafield><datafield ind1=" " ind2=" " tag="042"><subfield code="a">pcc</subfield><subfield code="a">nsdp</subfield></datafield><datafield ind1=" " ind2=" " tag="043"><subfield code="a">n-us-la</subfield></datafield><datafield ind1="1" ind2="0" tag="050"><subfield code="a">ISSN RECORD</subfield></datafield><datafield ind1="0" ind2="0" tag="082"><subfield code="a">071</subfield><subfield code="2">23</subfield></datafield><datafield ind1=" " ind2="4" tag="222"><subfield code="a">The Avoyelles pelican</subfield><subfield code="b">(Online)</subfield></datafield><datafield ind1="0" ind2="4" tag="245"><subfield code="a">The Avoyelles pelican.</subfield></datafield><datafield ind1="3" ind2="0" tag="246"><subfield code="a">Pe&#769;lican des Avoyelles</subfield></datafield><datafield ind1="3" ind2="0" tag="246"><subfield code="a">Pelican</subfield></datafield><datafield ind1=" " ind2="1" tag="264"><subfield code="a">Marksville [Louisiana] :</subfield><subfield code="b">Prudent d'Artlys</subfield></datafield><datafield ind1=" " ind2=" " tag="300"><subfield code="a">1 online resource</subfield></datafield><datafield ind1=" " ind2=" " tag="336"><subfield code="a">text</subfield><subfield code="b">txt</subfield><subfield code="2">rdacontent</subfield></datafield><datafield ind1=" " ind2=" " tag="337"><subfield code="a">computer</subfield><subfield code="b">c</subfield><subfield code="2">rdamedia</subfield></datafield><datafield ind1=" " ind2=" " tag="338"><subfield code="a">online resource</subfield><subfield code="b">cr</subfield><subfield code="2">rdacarrier</subfield></datafield><datafield ind1="1" ind2=" " tag="362"><subfield code="a">Began in 1859?</subfield></datafield><datafield ind1=" " ind2=" " tag="500"><subfield code="a">Sometimes published as: The pelican, &lt;Nov. 8, 1862-Jan. 16, 1864&gt;.</subfield></datafield><datafield ind1=" " ind2=" " tag="500"><subfield code="a">Published with an additional masthead in French: Le pe&#769;lican des Avoyelles.</subfield></datafield><datafield ind1=" " ind2=" " tag="500"><subfield code="a">During the Civil War many issues printed on wallpaper.</subfield></datafield><datafield ind1=" " ind2=" " tag="546"><subfield code="a">In English and French.</subfield></datafield><datafield ind1=" " ind2=" " tag="588"><subfield code="a">Description based on: Volume XVII, number-46 (Mar. 16, 1861); title from masthead (Chroniclingamerica.loc.gov, viewed March 4, 2015).</subfield></datafield><datafield ind1=" " ind2=" " tag="588"><subfield code="a">Latest issue consulted: Vol. 24, no. 38 (Jan. 16, 1864) (Chroniclingamerica.loc.gov, viewed March 4, 2015).</subfield></datafield><datafield ind1=" " ind2="0" tag="651"><subfield code="a">Marksville (La.)</subfield><subfield code="v">Newspapers.</subfield></datafield><datafield ind1=" " ind2="7" tag="651"><subfield code="a">Louisiana</subfield><subfield code="z">Marksville.</subfield><subfield code="2">fast</subfield><subfield code="0">(OCoLC)fst01218260</subfield></datafield><datafield ind1=" " ind2="7" tag="655"><subfield code="a">Newspapers.</subfield><subfield code="2">fast</subfield><subfield code="0">(OCoLC)fst01423814</subfield></datafield><datafield ind1=" " ind2=" " tag="752"><subfield code="a">United States</subfield><subfield code="b">Louisiana</subfield><subfield code="c">Avoyelles</subfield><subfield code="d">Marksville.</subfield></datafield><datafield ind1="0" ind2="8" tag="776"><subfield code="i">Originally issued in print:</subfield><subfield code="t">Avoyelles pelican</subfield><subfield code="x">2377-8458</subfield><subfield code="w">(DLC)sn 89059000</subfield><subfield code="w">(OCoLC)19051067</subfield></datafield><datafield ind1="0" ind2="0" tag="780"><subfield code="t">Champion (Marksville, La.)</subfield></datafield><datafield ind1="0" ind2="0" tag="785"><subfield code="t">Marksville villager</subfield></datafield><datafield ind1="4" ind2="1" tag="856"><subfield code="u">http://www.loc.gov/chroniclingamerica/lccn/sn89059000/issues</subfield></datafield></record>